@book{lloyd2006,
author={Lloyd,Seth},
title={Programming the Universe: A Quantum Computer Scientist Takes on the Cosmos},
year={2006},
publisher={Knopf}
}

@article{landauer1991,
author ={Landauer, Rolf},
title={Information is Physical},
journal={Physics Today},
volume={44},
number={5},
pages={23--29},
year={1991},
doi={10.1063/1.881299}
}

@book{deutsch1997,
author = {Deutsch, David},
title = {The Fabric of Reality: The Science of Parallel Universes--and Its Implications},
year = {1997},
publisher = {Penguin}
}

@incollection{aaronson2013,
  author = {Aaronson, Scott},
  title = {The Ghost in the Quantum Turing Machine},
  booktitle = {The Once and Future Turing},
  editor = {Cooper, S. Barry and Hodges, Andrew},
  year = {2013},
  publisher = {Cambridge University Press}
}

@article{zurek2009,
  author = {Zurek, Wojciech H.},
  title = {Quantum Darwinism},
  journal = {Nature Physics},
  volume = {5},
  pages = {181--188},
  year = {2009},
  doi = {10.1038/nphys1202}
}

@book{metzinger2009,
  author = {Metzinger, Thomas},
  title = {The Ego Tunnel: The Science of the Mind and the Myth of the Self},
  year = {2009},
  publisher = {Basic Books}
}