@article{planck2020cosmological,
  title={Planck 2018 results. VI. Cosmological parameters},
  author={Planck Collaboration},
  journal={Astronomy \& Astrophysics},
  volume={641},
  pages={A6},
  year={2020}
}

@book{huxley1954doors,
  title={The Doors of Perception},
  author={Huxley, Aldous},
  year={1954},
  publisher={Harper \& Brothers}
}

@book{pribram1991brain,
  title={Brain and Perception: Holonomy and Structure in Figural Processing},
  author={Pribram, Karl H.},
  year={1991},
  publisher={Lawrence Erlbaum Associates}
}

@article{mcfadden2020electromagnetic,
  title={The electromagnetic field theory of consciousness},
  author={McFadden, John},
  journal={Neuroscience of Consciousness},
  volume={6},
  number={1},
  pages={niaa006},
  year={2020},
  publisher={Oxford University Press}
}

@article{penrose1996orchestrated,
  title={Orchestrated objective reduction of quantum coherence in brain microtubules: The ``Orch OR'' model},
  author={Penrose, Roger and Hameroff, Stuart},
  journal={Journal of Consciousness Studies},
  volume={3},
  number={1},
  pages={36--53},
  year={1996}
}

@article{bertone2005particle,
  title={Particle dark matter: Evidence, candidates and constraints},
  author={Bertone, Gianfranco and Hooper, Dan and Silk, Joseph},
  journal={Physics Reports},
  volume={405},
  number={5-6},
  pages={279--390},
  year={2005},
  publisher={Elsevier}
}

@article{landauer1991information,
  title={Information is physical},
  author={Landauer, Rolf},
  journal={Physics Today},
  volume={44},
  number={5},
  pages={23--29},
  year={1991},
  publisher={AIP}
}

@book{lloyd2006programming,
  title={Programming the Universe: A Quantum Computer Scientist Takes on the Cosmos},
  author={Lloyd, Seth},
  year={2006},
  publisher={Knopf}
}

@article{Bianconi2025Gravity,
	title={Gravity from entropy},
	author={Bianconi, Ginestra},
	journal={Phys. Rev. D},
	volume={111},
	issue={6},
	pages={066001},
	numpages={17},
	year={2025},
	month={3},
	publisher={American Physical Society},
	doi={10.1103/PhysRevD.111.066001},
	url={https://link.aps.org/doi/10.1103/PhysRevD.111.066001}
}

@article{PhysRevE.111.054211,
  title = {Quantum-classical correspondence between quantum chaos and finite-time classical dynamics},
  author = {Wang, Qian and Robnik, Marko},
  journal = {Phys. Rev. E},
  volume = {111},
  issue = {5},
  pages = {054211},
  numpages = {10},
  year = {2025},
  month = {5},
  publisher = {American Physical Society},
  doi = {10.1103/PhysRevE.111.054211},
  url = {https://link.aps.org/doi/10.1103/PhysRevE.111.054211}
}

@article{Zurek2009QuantumDarwinism,
  author  = {Zurek, Wojciech Hubert},
  title   = {Quantum Darwinism},
  journal = {Nature Physics},
  volume  = {5},
  pages   = {181--188},
  year    = {2009},
  doi     = {10.1038/nphys1202},
  eprint  = {0903.5082},
  archivePrefix = {arXiv},
  primaryClass = {quant-ph}
}
%

@article{arkani1998hierarchy,
  title={The hierarchy problem and new dimensions at a millimeter},
  author={Arkani-Hamed, Nima and Dimopoulos, Savas and Dvali, Gia},
  journal={Physics Letters B},
  volume={429},
  number={3-4},
  pages={263--272},
  year={1998},
  publisher={Elsevier}
}

@book{bohm1980wholeness,
  title={Wholeness and the Implicate Order},
  author={Bohm, David},
  year={1980},
  publisher={Routledge}
}

@article{davies2004quantum,
  title={Does quantum mechanics play a non-trivial role in life?},
  author={Davies, Paul},
  journal={Biosystems},
  volume={78},
  number={1-3},
  pages={69--79},
  year={2004},
  publisher={Elsevier}
}

@book{dehaene2014consciousness,
  title={Consciousness and the Brain: Deciphering How the Brain Codes Our Thoughts},
  author={Dehaene, Stanislas},
  year={2014},
  publisher={Viking}
}

@article{dehaene2011experimental,
  title={Experimental and theoretical approaches to conscious processing},
  author={Dehaene, Stanislas and Changeux, Jean-Pierre},
  journal={Neuron},
  volume={70},
  number={2},
  pages={200--227},
  year={2011},
  publisher={Elsevier}
}

@article{dienes2012dynamical,
  title={Dynamical dark matter},
  author={Dienes, Keith R and Thomas, Brooks},
  journal={Physical Review D},
  volume={85},
  number={8},
  pages={083523},
  year={2012},
  publisher={APS}
}

@book{einstein1916relativity,
  title={Relativity: The Special and General Theory},
  author={Einstein, Albert},
  year={1916},
  publisher={H. Holt and Company}
}

@article{freeman2006nonlinear,
  title={Nonlinear brain dynamics as macroscopic manifestation of field-induced coherence in a biological system},
  author={Freeman, Walter J and Vitiello, Giuseppe},
  journal={Journal of Physics A: Mathematical and General},
  volume={39},
  number={22},
  pages={627--641},
  year={2006},
  publisher={IOP Publishing}
}

@article{lachaux1999measuring,
  title={Measuring phase synchrony in brain signals},
  author={Lachaux, Jean-Philippe and Rodriguez, Eugenio and Martinerie, Jacques and Varela, Francisco J},
  journal={Human Brain Mapping},
  volume={8},
  number={4},
  pages={194--208},
  year={1999},
  publisher={Wiley}
}

@book{greene2004fabric,
  title={The Fabric of the Cosmos: Space, Time, and the Texture of Reality},
  author={Greene, Brian},
  year={2004},
  publisher={Knopf}
}

@book{koch2004quest,
  title={The Quest for Consciousness: A Neurobiological Approach},
  author={Koch, Christof},
  year={2004},
  publisher={Roberts \& Company}
}

@article{randall1999alternative,
  title={An alternative to compactification},
  author={Randall, Lisa and Sundrum, Raman},
  journal={Physical Review Letters},
  volume={83},
  number={23},
  pages={4690--4693},
  year={1999},
  publisher={APS}
}

@article{tegmark2014state,
  title={Consciousness as a state of matter},
  author={Tegmark, Max},
  journal={arXiv preprint arXiv:1401.1219},
  year={2014}
}

@article{tononi2008consciousness,
  title={Consciousness as integrated information: A provisional manifesto},
  author={Tononi, Giulio},
  journal={Biological Bulletin},
  volume={215},
  number={3},
  pages={216--242},
  year={2008}
}

@article{tononi2016iit,
  title={Integrated information theory: From consciousness to its physical substrate},
  author={Tononi, Giulio and Boly, Melanie and Massimini, Marcello and Koch, Christof},
  journal={Nature Reviews Neuroscience},
  volume={17},
  number={7},
  pages={450--461},
  year={2016},
  publisher={Nature Publishing Group}
}

@article{varela2001brainweb,
  title={The brainweb: Phase synchronization and large-scale integration},
  author={Varela, Francisco and Lachaux, Jean-Philippe and Rodriguez, Eugenio and Martinerie, Jacques},
  journal={Nature Reviews Neuroscience},
  volume={2},
  number={4},
  pages={229--239},
  year={2001},
  publisher={Nature Publishing Group}
}

@book{vonneumann1955mathematical,
  title={Mathematical Foundations of Quantum Mechanics},
  author={von Neumann, John},
  year={1955},
  publisher={Princeton University Press}
}

@incollection{wigner1961remarks,
  title={Remarks on the mind--body question},
  author={Wigner, Eugene P},
  booktitle={The Scientist Speculates},
  editor={Good, I. J.},
  pages={284--302},
  year={1961},
  publisher={Heinemann}
}

@article{zurek2003decoherence,
  title={Decoherence, einselection, and the quantum origins of the classical},
  author={Zurek, Wojciech H},
  journal={Reviews of Modern Physics},
  volume={75},
  number={3},
  pages={715--775},
  year={2003},
  publisher={APS}
}

